<?xml version="1.0" encoding="UTF-8"?><record xmlns="http://www.loc.gov/MARC21/slim" xmlns:cinclude="http://apache.org/cocoon/include/1.0" xmlns:zs="http://www.loc.gov/zing/srw/">
  <leader>00752cz  a2200157n  4500</leader>
  <controlfield tag="001">n  86099514 </controlfield>
  <controlfield tag="003">DLC</controlfield>
  <controlfield tag="005">20120802081908.0</controlfield>
  <controlfield tag="008">860924nc acannaabn          |a ana      </controlfield>
  <datafield tag="010" ind1=" " ind2=" ">
    <subfield code="a">n  86099514 </subfield>
  </datafield>
  <datafield tag="035" ind1=" " ind2=" ">
    <subfield code="a">(OCoLC)oca01683932</subfield>
  </datafield>
  <datafield tag="040" ind1=" " ind2=" ">
    <subfield code="a">DLC</subfield>
    <subfield code="b">eng</subfield>
    <subfield code="c">DLC</subfield>
    <subfield code="d">DLC</subfield>
    <subfield code="d">OCoLC</subfield>
    <subfield code="d">DLC</subfield>
  </datafield>
  <datafield tag="111" ind1="2" ind2=" ">
    <subfield code="a">Zhong Mei De Ri yi hui zhi du zhi bi jiao yan jiu tao lun hui</subfield>
    <subfield code="d">(1984 :</subfield>
    <subfield code="c">Taipei, Taiwan)</subfield>
  </datafield>
  <datafield tag="411" ind1="2" ind2=" ">
    <subfield code="w">nnea</subfield>
    <subfield code="a">Chung Mei Te Jih i hui chih tu chih pi chiao yen chiu tʻao lun hui</subfield>
    <subfield code="d">(1984 :</subfield>
    <subfield code="c">Taipei, Taiwan)</subfield>
  </datafield>
  <datafield tag="667" ind1=" " ind2=" ">
    <subfield code="a">THIS 1XX FIELD CANNOT BE USED UNDER RDA UNTIL THIS RECORD HAS BEEN REVIEWED AND/OR UPDATED</subfield>
  </datafield>
  <datafield tag="670" ind1=" " ind2=" ">
    <subfield code="a">Its Chung Mei Te Jih i hui chih tu chih pi chiao yen chiu tʻao lun hui chuan kʻan, 1986:</subfield>
    <subfield code="b">3rd prelim. page (Conference held in Taipei, 9/29-30/84)</subfield>
  </datafield>
</record>